<?xml version='1.0'?>
<collection xmlns='http://www.loc.gov/MARC21/slim' xmlns:xsi='http://www.w3.org/2001/XMLSchema-instance' xsi:schemaLocation='http://www.loc.gov/MARC21/slim http://www.loc.gov/standards/marcxml/schema/MARC21slim.xsd'>
  <record>
    <leader>00000nam  2200349 a 4500</leader>
      <controlfield tag='001'>b1013612</controlfield>
      <controlfield tag='003'>NcU</controlfield>
      <controlfield tag='005'>20120217151625.0</controlfield>
      <controlfield tag='008'>700217s1969    dcuab    b   f000 0 eng  nam a </controlfield>
      <datafield ind1=' ' ind2=' ' tag='010'>
        <subfield code='a'>73603193</subfield>
      </datafield>
      <datafield ind1='7' ind2=' ' tag='016'>
        <subfield code='a'>hsl000761922</subfield>
        <subfield code='2'>gpo</subfield>
      </datafield>
      <datafield ind1=' ' ind2=' ' tag='040'>
        <subfield code='a'>DLC</subfield>
        <subfield code='c'>DLC</subfield>
        <subfield code='d'>OCLCQ</subfield>
        <subfield code='d'>OCLCG</subfield>
        <subfield code='d'>CLU</subfield>
        <subfield code='d'>CNTRU</subfield>
        <subfield code='d'>OLA</subfield>
        <subfield code='d'>GPO</subfield>
        <subfield code='d'>MvI</subfield>
      </datafield>
      <datafield ind1=' ' ind2=' ' tag='043'>
        <subfield code='a'>ln-----</subfield>
      </datafield>
      <datafield ind1=' ' ind2=' ' tag='074'>
        <subfield code='a'>0910-D</subfield>
      </datafield>
      <datafield ind1='0' ind2=' ' tag='086'>
        <subfield code='a'>SI 1.27:15</subfield>
      </datafield>
      <datafield ind1='1' ind2=' ' tag='100'>
        <subfield code='a'>Young, Richard E.</subfield>
      </datafield>
      <datafield ind1='1' ind2='2' tag='245'>
        <subfield code='a'>A monograph of the Cephalopoda of the North Atlantic :</subfield>
        <subfield code='b'>the family Joubiniteuthidae /</subfield>
        <subfield code='c'>Richard E. Young and Clyde F.E. Roper.</subfield>
      </datafield>
      <datafield ind1=' ' ind2=' ' tag='260'>
        <subfield code='a'>Washington :</subfield>
        <subfield code='b'>Smithsonian Institution Press :</subfield>
        <subfield code='b'>For sale by the Supt. of Docs., U.S. G.P.O.,</subfield>
        <subfield code='c'>1969.</subfield>
      </datafield>
      <datafield ind1=' ' ind2=' ' tag='300'>
        <subfield code='a'>10 p. :</subfield>
        <subfield code='b'>ill., map ;</subfield>
        <subfield code='c'>27 cm.</subfield>
      </datafield>
      <datafield ind1='1' ind2=' ' tag='490'>
        <subfield code='a'>Smithsonian contributions to zoology ;</subfield>
        <subfield code='v'>no. 15</subfield>
      </datafield>
      <datafield ind1=' ' ind2=' ' tag='500'>
        <subfield code='a'>&quot;Contribution No. 1025 from the Institute of Marine Sciences, University of Miami, and Paper No. 63 from the Dana Oceanographical Collections&quot;--T.p. verso.</subfield>
      </datafield>
      <datafield ind1=' ' ind2=' ' tag='504'>
        <subfield code='a'>Includes bibliographical references (p. 10).</subfield>
      </datafield>
      <datafield ind1=' ' ind2='0' tag='650'>
        <subfield code='a'>Joubiniteuthidae.</subfield>
      </datafield>
      <datafield ind1=' ' ind2='0' tag='650'>
        <subfield code='a'>Cephalopoda</subfield>
        <subfield code='z'>North Atlantic Ocean.</subfield>
      </datafield>
      <datafield ind1='1' ind2=' ' tag='700'>
        <subfield code='a'>Roper, Clyde F. E.,</subfield>
        <subfield code='d'>1937-</subfield>
      </datafield>
      <datafield ind1='2' ind2=' ' tag='710'>
        <subfield code='a'>Smithsonian Institution.</subfield>
      </datafield>
      <datafield ind1='0' ind2='8' tag='776'>
        <subfield code='i'>Online version:</subfield>
        <subfield code='a'>Young, Richard E.</subfield>
        <subfield code='t'>monograph of the Cephalopoda of the North Atlantic</subfield>
        <subfield code='w'>(OCoLC)437972132</subfield>
      </datafield>
      <datafield ind1=' ' ind2='0' tag='830'>
        <subfield code='a'>Smithsonian contributions to zoology ;</subfield>
        <subfield code='v'>no. 15.</subfield>
      </datafield>
      <datafield ind1=' ' ind2=' ' tag='955'>
        <subfield code='b'>10002853351</subfield>
        <subfield code='v'>1</subfield>
      </datafield>
      <datafield ind1=' ' ind2=' ' tag='035'>
        <subfield code='a'>(OCoLC)56587</subfield>
      </datafield>
  </record>