
  <record>
    <leader>00000cam a2200265   4500</leader>
      <controlfield tag='001'>b1000020</controlfield>
      <controlfield tag='003'>NcU</controlfield>
      <controlfield tag='005'>19850718000000.0</controlfield>
      <controlfield tag='008'>850718s1969    nyua     b    001 0 engx cam   </controlfield>
      <datafield ind1=' ' ind2=' ' tag='010'>
        <subfield code='a'>67010310 //r83</subfield>
      </datafield>
      <datafield ind1=' ' ind2=' ' tag='040'>
        <subfield code='a'>DLC</subfield>
        <subfield code='c'>DLC</subfield>
        <subfield code='d'>NOC</subfield>
      </datafield>
      <datafield ind1='1' ind2=' ' tag='041'>
        <subfield code='a'>engrus</subfield>
      </datafield>
      <datafield ind1=' ' ind2=' ' tag='082'>
        <subfield code='a'>595.7/01/8</subfield>
      </datafield>
      <datafield ind1='1' ind2=' ' tag='100'>
        <subfield code='a'>Mazokhin-Porshni͡akov, G. A.</subfield>
        <subfield code='q'>(Georgiĭ Aleksandrovich)</subfield>
      </datafield>
      <datafield ind1='1' ind2='0' tag='240'>
        <subfield code='a'>Zrenie nasekomykh.</subfield>
        <subfield code='l'>English</subfield>
      </datafield>
      <datafield ind1='1' ind2='0' tag='245'>
        <subfield code='a'>Insect vision</subfield>
        <subfield code='c'>[by] Georgii A. Mazokhin-Porshnyakov. Translated from Russian by Roberto and Liliana Masironi. Translation editor: Timothy H. Goldsmith.</subfield>
      </datafield>
      <datafield ind1=' ' ind2=' ' tag='260'>
        <subfield code='a'>New York,</subfield>
        <subfield code='b'>Plenum Press,</subfield>
        <subfield code='c'>1969.</subfield>
      </datafield>
      <datafield ind1=' ' ind2=' ' tag='300'>
        <subfield code='a'>xiv, 306 p.</subfield>
        <subfield code='b'>illus.</subfield>
        <subfield code='c'>24 cm.</subfield>
      </datafield>
      <datafield ind1=' ' ind2=' ' tag='500'>
        <subfield code='a'>Translation of Zrenie nasekomykh (romanized form)</subfield>
      </datafield>
      <datafield ind1=' ' ind2=' ' tag='504'>
        <subfield code='a'>Bibliography: p. 279-301.</subfield>
      </datafield>
      <datafield ind1=' ' ind2='0' tag='650'>
        <subfield code='a'>Vision.</subfield>
      </datafield>
      <datafield ind1=' ' ind2='0' tag='650'>
        <subfield code='a'>Insects</subfield>
        <subfield code='x'>Physiology.</subfield>
      </datafield>
      <datafield ind1=' ' ind2=' ' tag='955'>
        <subfield code='b'>00008813661</subfield>
        <subfield code='v'>2</subfield>
      </datafield>
      <datafield ind1=' ' ind2=' ' tag='035'>
        <subfield code='a'>(OCoLC)160</subfield>
      </datafield>
  </record>