
  <record>
    <leader>00000cas a2200745 a 4500</leader>
      <controlfield tag='001'>b1341446</controlfield>
      <controlfield tag='003'>NcU</controlfield>
      <controlfield tag='005'>19930129113423.0</controlfield>
      <controlfield tag='008'>751230d19571989un mr p       0    0ukr dcas a </controlfield>
      <datafield ind1=' ' ind2=' ' tag='010'>
        <subfield code='a'>62026570 //r91</subfield>
        <subfield code='z'>sn 90022154</subfield>
      </datafield>
      <datafield ind1=' ' ind2=' ' tag='022'>
        <subfield code='a'>0131-0194</subfield>
      </datafield>
      <datafield ind1=' ' ind2=' ' tag='040'>
        <subfield code='a'>NIC</subfield>
        <subfield code='c'>NIC</subfield>
        <subfield code='d'>InU</subfield>
        <subfield code='d'>MnMULS</subfield>
        <subfield code='d'>AIP</subfield>
        <subfield code='d'>OCoLC</subfield>
        <subfield code='d'>m/c</subfield>
        <subfield code='d'>MH</subfield>
        <subfield code='d'>ICRL</subfield>
        <subfield code='d'>InU</subfield>
        <subfield code='d'>WaU</subfield>
        <subfield code='d'>DLC</subfield>
        <subfield code='d'>NST</subfield>
      </datafield>
      <datafield ind1='0' ind2=' ' tag='041'>
        <subfield code='a'>ukrrus</subfield>
        <subfield code='f'>eng</subfield>
      </datafield>
      <datafield ind1=' ' ind2=' ' tag='042'>
        <subfield code='a'>lcd</subfield>
      </datafield>
      <datafield ind1=' ' ind2=' ' tag='043'>
        <subfield code='a'>e-ur-un</subfield>
      </datafield>
      <datafield ind1='0' ind2='0' tag='050'>
        <subfield code='a'>PG3900</subfield>
        <subfield code='b'>.R3</subfield>
      </datafield>
      <datafield ind1='0' ind2=' ' tag='130'>
        <subfield code='a'>Radi͡ansʹke literaturoznavstvo (Kiev, Ukraine : 1957)</subfield>
      </datafield>
      <datafield ind1='0' ind2='0' tag='245'>
        <subfield code='a'>Rad︠i︡ansʹke literaturoznavstvo</subfield>
        <subfield code='h'>[serial] /</subfield>
        <subfield code='c'>orhan Instytutu literatury im. T.H. Shevchenka AN URSR ta Spilky pysʹmennykiv Ukraïny.</subfield>
      </datafield>
      <datafield ind1=' ' ind2=' ' tag='260'>
        <subfield code='a'>[Kyïv] :</subfield>
        <subfield code='b'>Vyd-vo Akademiï nauk Ukraïnsʹkoï RSR,</subfield>
        <subfield code='c'>1957-1989.</subfield>
      </datafield>
      <datafield ind1=' ' ind2=' ' tag='300'>
        <subfield code='a'>33 v. :</subfield>
        <subfield code='b'>ill. ;</subfield>
        <subfield code='c'>26 cm.</subfield>
      </datafield>
      <datafield ind1=' ' ind2=' ' tag='310'>
        <subfield code='a'>Monthly,</subfield>
        <subfield code='b'>1965-1989</subfield>
      </datafield>
      <datafield ind1=' ' ind2=' ' tag='321'>
        <subfield code='a'>Bimonthly,</subfield>
        <subfield code='b'>1957-1964</subfield>
      </datafield>
      <datafield ind1='0' ind2=' ' tag='362'>
        <subfield code='a'>1957, 1 (sich.-l︠i︡ut. 1957)-1989, 12 (hrud. 1989).</subfield>
      </datafield>
      <datafield ind1=' ' ind2=' ' tag='500'>
        <subfield code='a'>Publisher: Vyd-vo &quot;Nauk. dumka,&quot; 1964, no. 2-1989.</subfield>
      </datafield>
      <datafield ind1='2' ind2=' ' tag='510'>
        <subfield code='a'>MLA international bibliography of books and articles on the modern languages and literatures (Complete edition)</subfield>
        <subfield code='x'>0024-8215</subfield>
      </datafield>
      <datafield ind1=' ' ind2=' ' tag='515'>
        <subfield code='a'>Issues for 1961-1973 carry also year of publication designation: R. vid.: 5.-17.</subfield>
      </datafield>
      <datafield ind1=' ' ind2=' ' tag='515'>
        <subfield code='a'>Contents p. of issues for May 1973-1989 carries also continuous numbering: 149-348.</subfield>
      </datafield>
      <datafield ind1=' ' ind2=' ' tag='546'>
        <subfield code='a'>Chiefly in Ukrainian with some in Russian; table of contents also in English, &lt;1959;-1964; table of contents also in Russian, 1987-1989.</subfield>
      </datafield>
      <datafield ind1=' ' ind2='0' tag='650'>
        <subfield code='a'>Ukrainian literature</subfield>
        <subfield code='x'>History and criticism</subfield>
        <subfield code='v'>Periodicals.</subfield>
      </datafield>
      <datafield ind1='2' ind2=' ' tag='710'>
        <subfield code='a'>Instytut literatury im. T.H. Shevchenka.</subfield>
      </datafield>
      <datafield ind1='2' ind2=' ' tag='710'>
        <subfield code='a'>Spilka pysʹmennykiv Ukraïny.</subfield>
      </datafield>
      <datafield ind1='0' ind2='0' tag='780'>
        <subfield code='t'>Rad︠i︡ansʹke literaturoznavstvo (Kiev, Ukraine : 1938)</subfield>
        <subfield code='w'>(DLC)sn 90017324</subfield>
        <subfield code='w'>(OCoLC)5180486</subfield>
      </datafield>
      <datafield ind1='0' ind2='0' tag='785'>
        <subfield code='t'>Slovo i chas</subfield>
        <subfield code='x'>0236-1477</subfield>
        <subfield code='w'>(DLC)   91642112</subfield>
        <subfield code='w'>(OCoLC)21493717</subfield>
      </datafield>
      <datafield ind1=' ' ind2=' ' tag='850'>
        <subfield code='a'>CoU</subfield>
        <subfield code='a'>DLC</subfield>
        <subfield code='a'>ICRL</subfield>
        <subfield code='a'>InU</subfield>
        <subfield code='a'>MH</subfield>
        <subfield code='a'>NSyU</subfield>
        <subfield code='a'>PU</subfield>
        <subfield code='a'>WaU</subfield>
      </datafield>
      <datafield ind1=' ' ind2=' ' tag='955'>
        <subfield code='b'>00031762708</subfield>
        <subfield code='v'>3</subfield>
      </datafield>
  </record>