
  <record>
    <leader>00000nam  2200289 a 45 0</leader>
      <controlfield tag='001'>b3892679</controlfield>
      <controlfield tag='003'>NcU</controlfield>
      <controlfield tag='005'>19961112112658.0</controlfield>
      <controlfield tag='008'>700901s1786    enk     a     000 0 eng dnam a </controlfield>
      <datafield ind1=' ' ind2=' ' tag='040'>
        <subfield code='a'>Uk-ES</subfield>
        <subfield code='c'>Uk-ES</subfield>
        <subfield code='d'>CStRLIN</subfield>
        <subfield code='d'>ResP</subfield>
      </datafield>
      <datafield ind1='1' ind2=' ' tag='100'>
        <subfield code='a'>Churchill, Charles,</subfield>
        <subfield code='d'>1731-1764.</subfield>
      </datafield>
      <datafield ind1='1' ind2='0' tag='245'>
        <subfield code='a'>Night,</subfield>
        <subfield code='h'>[microfilm]</subfield>
        <subfield code='b'>a satire, on the manners of the rich &amp; great, by the late Charles Churchill: with notes by the shaver.).</subfield>
      </datafield>
      <datafield ind1=' ' ind2=' ' tag='260'>
        <subfield code='a'>London :</subfield>
        <subfield code='b'>printed for John Fielding,</subfield>
        <subfield code='c'>[1786]</subfield>
      </datafield>
      <datafield ind1=' ' ind2=' ' tag='300'>
        <subfield code='a'>[2],27,[1]p. ;</subfield>
        <subfield code='c'>12.</subfield>
      </datafield>
      <datafield ind1=' ' ind2=' ' tag='500'>
        <subfield code='a'>The shaver = J. Macgowen.- The preface is dated: &apos;London, 1786&apos;.- The titlepage is engraved.</subfield>
      </datafield>
      <datafield ind1=' ' ind2=' ' tag='533'>
        <subfield code='a'>Microfilm.</subfield>
        <subfield code='b'>Woodbridge, CT</subfield>
        <subfield code='c'>Research Publications, Inc.,</subfield>
        <subfield code='d'>1985.</subfield>
        <subfield code='e'>1 reel ; 35mm.</subfield>
        <subfield code='f'>(The Eighteenth Century ; reel 1344, no.</subfield>
      </datafield>
      <datafield ind1=' ' ind2='0' tag='830'>
        <subfield code='a'>Eighteenth century ;</subfield>
        <subfield code='v'>reel 1344, no. 07</subfield>
      </datafield>
      <datafield ind1=' ' ind2=' ' tag='955'>
        <subfield code='b'>HBDK-2708-00001</subfield>
        <subfield code='v'>4</subfield>
      </datafield>
      <datafield ind1=' ' ind2=' ' tag='035'>
        <subfield code='a'>(OCoLC)98214</subfield>
      </datafield>
  </record>