
  <record>
    <leader>00000cam  2200229Ia 4500</leader>
      <controlfield tag='001'>b2255297</controlfield>
      <controlfield tag='003'>NcU</controlfield>
      <controlfield tag='005'>19920903000000.0</controlfield>
      <controlfield tag='008'>920903s1986    at a     b    100 0 eng dcamIa </controlfield>
      <datafield ind1=' ' ind2=' ' tag='040'>
        <subfield code='a'>AZS</subfield>
        <subfield code='c'>AZS</subfield>
        <subfield code='d'>NOC</subfield>
      </datafield>
      <datafield ind1='2' ind2=' ' tag='110'>
        <subfield code='a'>International Society for Music Education.</subfield>
        <subfield code='b'>International Conference</subfield>
        <subfield code='n'>(17th :</subfield>
        <subfield code='d'>1986 :</subfield>
        <subfield code='c'>Innsbruck, Austria)</subfield>
      </datafield>
      <datafield ind1='1' ind2='0' tag='245'>
        <subfield code='a'>New perspectives in music, new tasks for music education :</subfield>
        <subfield code='b'>papers from the XVIIth International ISME Conference, Innsbruck, Austria, 1986 /</subfield>
        <subfield code='c'>Jack Dobbs, editor.</subfield>
      </datafield>
      <datafield ind1=' ' ind2=' ' tag='260'>
        <subfield code='a'>[Nedlands, Western Australia] :</subfield>
        <subfield code='b'>International Society for Music Education in conjunction with the Dept. of Music, University of Western Australia,</subfield>
        <subfield code='c'>[1986?]</subfield>
      </datafield>
      <datafield ind1=' ' ind2=' ' tag='300'>
        <subfield code='a'>204 p. :</subfield>
        <subfield code='b'>ill. ;</subfield>
        <subfield code='c'>22 cm.</subfield>
      </datafield>
      <datafield ind1='1' ind2=' ' tag='490'>
        <subfield code='a'>ISME yearbook,</subfield>
        <subfield code='x'>0172-0597 ;</subfield>
        <subfield code='v'>v. 13</subfield>
      </datafield>
      <datafield ind1=' ' ind2=' ' tag='504'>
        <subfield code='a'>Includes bibliographical references.</subfield>
      </datafield>
      <datafield ind1=' ' ind2='0' tag='650'>
        <subfield code='a'>Music</subfield>
        <subfield code='x'>Instruction and study</subfield>
        <subfield code='v'>Congresses.</subfield>
      </datafield>
      <datafield ind1=' ' ind2=' ' tag='680'>
        <subfield code='a'>Mus: cl sep /</subfield>
      </datafield>
      <datafield ind1='1' ind2=' ' tag='700'>
        <subfield code='a'>Dobbs, Jack P. B.</subfield>
      </datafield>
      <datafield ind1=' ' ind2='0' tag='830'>
        <subfield code='a'>ISME yearbook ;</subfield>
        <subfield code='v'>v. 13.</subfield>
      </datafield>
      <datafield ind1=' ' ind2=' ' tag='955'>
        <subfield code='b'>00007355658</subfield>
        <subfield code='v'>5</subfield>
      </datafield>
  </record>