
  <record>
    <leader>00000nam  22002535i 4500</leader>
      <controlfield tag='001'>b4741749</controlfield>
      <controlfield tag='003'>NcU</controlfield>
      <controlfield tag='005'>20050705051311.1</controlfield>
      <controlfield tag='008'>050705s2002    sw            10| 0 eng|dnam5i </controlfield>
      <datafield ind1=' ' ind2=' ' tag='020'>
        <subfield code='c'>EUR27.00</subfield>
      </datafield>
      <datafield ind1=' ' ind2=' ' tag='040'>
        <subfield code='a'>GyWOH</subfield>
        <subfield code='b'>eng</subfield>
        <subfield code='c'>GyWOH</subfield>
      </datafield>
      <datafield ind1=' ' ind2='7' tag='072'>
        <subfield code='a'>HQ</subfield>
        <subfield code='2'>lcco</subfield>
      </datafield>
      <datafield ind1='0' ind2='4' tag='245'>
        <subfield code='a'>The intelligentsias of Russia and Poland :</subfield>
        <subfield code='b'>the intelligentsia as creators of social values in Russia and Poland during the nineteenth and twentieth centuries ; abstracts from the conference held at Lund University, August 22-25, 2002.</subfield>
      </datafield>
      <datafield ind1=' ' ind2=' ' tag='260'>
        <subfield code='a'>Lund :</subfield>
        <subfield code='b'>Lund University,</subfield>
        <subfield code='c'>2002.</subfield>
      </datafield>
      <datafield ind1=' ' ind2=' ' tag='300'>
        <subfield code='a'>104 p. ;</subfield>
        <subfield code='c'>22 cm.</subfield>
      </datafield>
      <datafield ind1='1' ind2=' ' tag='490'>
        <subfield code='a'>Slavica Lundensia supplementa</subfield>
        <subfield code='x'>1651-3711 ;</subfield>
        <subfield code='v'>1</subfield>
      </datafield>
      <datafield ind1=' ' ind2=' ' tag='500'>
        <subfield code='a'>Internat. conference proceedings.</subfield>
      </datafield>
      <datafield ind1=' ' ind2=' ' tag='500'>
        <subfield code='a'>47 English, 6 Russian contributions.</subfield>
      </datafield>
      <datafield ind1=' ' ind2='0' tag='830'>
        <subfield code='a'>Slavica Lundensia supplementa ;</subfield>
        <subfield code='v'>1.</subfield>
      </datafield>
      <datafield ind1=' ' ind2=' ' tag='955'>
        <subfield code='b'>00024941431</subfield>
        <subfield code='v'>6</subfield>
      </datafield>
  </record>
</collection>